@article{foo,
  title={New Evidence for the Existence of Quack Physics},
  author={Mustermann, Max},
  journal={Journal of Irreproducible Results},
  volume={5},
  number={10},
  year={2019},
  doi={10.1051/0004-6361/201834938},
}

@thesis{phd,
  title={Tolle Doktorarbeit},
  author={Mustermann, Max},
  school={TU Dortmund},
  year={2020},
  doi={<doi>},
  url={<repo>},
  type={Dissertation},
  note={Betreut von Prof. Dr. Albert Einstein, bahnbrechende Erkenntnisse Ã¼ber Quatschphysik.},
}

@thesis{master,
  title={Tolle Masterarbeit},
  author={Mustermann, Max},
  school={TU Dortmund},
  year={2016},
  type={Masterarbeit},
  note={Erste tiefergehende Erfahrungen mit Quatschphysik.},
}

@thesis{bsc,
  title={Tolle Bachelorarbeit},
  author={Mustermann, Max},
  school={TU Dortmund},
  year={2014},
  type={Bachelorarbeit},
  note={Mal in Quatschphysik reingeschnuppert}
}
